@phdthesis{cramer1996modular,
  author = {Ronald Cramer},
  title = {Modular Design of Secure Yet Practical Cryptographic Protocols},
  school = {University of Amsterdam},
  year = {1996}
}

@inproceedings{schnorr1990efficient,
  author    = {Claus-Peter Schnorr},
  title     = {Efficient Identification and Signatures for Smart Cards},
  booktitle = {Advances in Cryptology --- CRYPTO '89},
  series    = {Lecture Notes in Computer Science},
  volume    = {435},
  pages     = {239--252},
  publisher = {Springer},
  year      = {1990}
}

@inproceedings{babai1985trading,
  author    = {L{\'a}szl{\'o} Babai},
  title     = {Trading Group Theory for Randomness},
  booktitle = {Proceedings of the Seventeenth Annual ACM Symposium on Theory of Computing (STOC)},
  pages     = {421--429},
  year      = {1985},
  publisher = {ACM}
}

@article{lund1992algebraic,
  author    = {Carsten Lund and Lance Fortnow and Howard J. Karloff and Noam Nisan},
  title     = {Algebraic Methods for Interactive Proof Systems},
  journal   = {Journal of the ACM},
  volume    = {39},
  number    = {4},
  pages     = {859--868},
  year      = {1992}
}

@inproceedings{shamir1992ip,
  author    = {Adi Shamir},
  title     = {IP = PSPACE},
  booktitle = {Journal of the ACM},
  volume    = {39},
  number    = {4},
  pages     = {869--877},
  year      = {1992}
}

@inproceedings{babai1991non,
  author    = {L{\'a}szl{\'o} Babai and Shlomo Moran},
  title     = {Arthur-Merlin Games: A Randomized Proof System, and a Hierarchy of Complexity Classes},
  booktitle = {Journal of Computer and System Sciences},
  volume    = {36},
  number    = {2},
  pages     = {254--276},
  year      = {1988}
}

@inproceedings{groth2016efficient,
  author    = {Jens Groth},
  title     = {On the Size of Pairing-Based Non-Interactive Arguments},
  booktitle = {Advances in Cryptology --- EUROCRYPT 2016},
  series    = {Lecture Notes in Computer Science},
  volume    = {9666},
  pages     = {305--326},
  publisher = {Springer},
  year      = {2016}
}

@inproceedings{gabizon2019plonk,
  author    = {Ariel Gabizon and Zachary J. Williamson and Oana Ciobotaru},
  title     = {{PLONK}: Permutations over Lagrange-bases for Oecumenical Noninteractive arguments of Knowledge},
  booktitle = {IACR Cryptology ePrint Archive},
  year      = {2019},
  number    = {953}
}

@inproceedings{chiesa2020marlin,
  author    = {Alessandro Chiesa and Yuncong Hu and Matthew Weidner and Nicholas A. R. G. Kolodner and Nickolai Zeldovich and Michael Walfish},
  title     = {Marlin: Preprocessing zkSNARKs with Universal and Updatable SRS},
  booktitle = {Advances in Cryptology --- EUROCRYPT 2020},
  series    = {Lecture Notes in Computer Science},
  volume    = {12107},
  pages     = {738--768},
  publisher = {Springer},
  year      = {2020}
}

@inproceedings{bowe2019halo,
  author    = {Sean Bowe and Ariel Gabizon and Ian Miers},
  title     = {Halo: Recursive Proof Composition without a Trusted Setup},
  booktitle = {Advances in Cryptology --- EUROCRYPT 2020},
  series    = {Lecture Notes in Computer Science},
  volume    = {12106},
  pages     = {324--356},
  publisher = {Springer},
  year      = {2020}
}

@misc{halo2,
  author       = {Electric Coin Company},
  title        = {Halo 2: A PLONKish, Recursive Proof-Carrying Data System},
  howpublished = {\url{https://github.com/zcash/halo2}},
  year         = {2020}
}

@inproceedings{setty2021nova,
  author    = {Abhiram Kothapalli Arun and Srinath T. V. Setty},
  title     = {Nova: Recursive Zero-Knowledge Arguments from Folding Schemes},
  booktitle = {Advances in Cryptology --- CRYPTO 2022},
  series    = {Lecture Notes in Computer Science},
  volume    = {13509},
  pages     = {359--388},
  publisher = {Springer},
  year      = {2022}
}

@inproceedings{supernova2022,
  author    = {Abhiram Kothapalli Arun and Srinath T. V. Setty},
  title     = {SuperNova: Recursive Proof Composition without Trusted Setup},
  booktitle = {IACR Cryptology ePrint Archive},
  year      = {2022},
  number    = {1758}
}

@inproceedings{ben2018fri,
  author    = {Eli Ben-Sasson and Iddo Bentov and Yinon Horesh and Michael Riabzev},
  title     = {Fast Reed-Solomon Interactive Oracle Proofs of Proximity},
  booktitle = {IACR Cryptology ePrint Archive},
  year      = {2018},
  number    = {280}
}

@inproceedings{ben2018stark,
  author    = {Eli Ben-Sasson and Iddo Bentov and Yinon Horesh and Michael Riabzev},
  title     = {Scalable, Transparent, and Post-Quantum Secure Computational Integrity},
  booktitle = {IACR Cryptology ePrint Archive},
  year      = {2018},
  number    = {46}
}

@inproceedings{setty2020spartan,
  author    = {Srinath T. V. Setty},
  title     = {Spartan: Efficient and General-purpose zkSNARKs without Trusted Setup},
  booktitle = {Advances in Cryptology --- CRYPTO 2020},
  series    = {Lecture Notes in Computer Science},
  volume    = {12172},
  pages     = {704--737},
  publisher = {Springer},
  year      = {2020}
}
